<record><leader>00000cas a22000007a 4500</leader><controlfield tag="001">24103267</controlfield><controlfield tag="008">910719d18911907ohudn ne      0    0eng d</controlfield><datafield ind1=" " ind2=" " tag="010"><subfield code="a">sn 91069989 </subfield></datafield><datafield ind1=" " ind2=" " tag="040"><subfield code="a">ONP</subfield><subfield code="b">eng</subfield><subfield code="c">ONP</subfield><subfield code="d">OCLCQ</subfield></datafield><datafield ind1=" " ind2=" " tag="042"><subfield code="a">msc</subfield></datafield><datafield ind1="0" ind2=" " tag="130"><subfield code="a">Daily signal (Middletown, Ohio)</subfield></datafield><datafield ind1="1" ind2="4" tag="245"><subfield code="a">The Daily signal.</subfield></datafield><datafield ind1=" " ind2=" " tag="260"><subfield code="a">Middletown, Ohio :</subfield><subfield code="b">J.Q. Baker,</subfield><subfield code="c">1891-</subfield></datafield><datafield ind1=" " ind2=" " tag="300"><subfield code="a">v.</subfield></datafield><datafield ind1=" " ind2=" " tag="310"><subfield code="a">Daily (except Sun.)</subfield></datafield><datafield ind1="0" ind2=" " tag="362"><subfield code="a">Vol. 6, no. 67 (Apr. 20, 1891)-</subfield></datafield><datafield ind1="1" ind2=" " tag="362"><subfield code="a">Ceased in 1907.</subfield></datafield><datafield ind1=" " ind2=" " tag="580"><subfield code="a">Weekly ed.: Middletown signal.</subfield></datafield><datafield ind1=" " ind2=" " tag="752"><subfield code="a">United States</subfield><subfield code="b">Ohio</subfield><subfield code="c">Butler</subfield><subfield code="d">Middletown.</subfield></datafield><datafield ind1="0" ind2=" " tag="775"><subfield code="t">Middletown signal</subfield><subfield code="w">(DLC)sn 91069987</subfield></datafield><datafield ind1="0" ind2="0" tag="780"><subfield code="t">Middletown daily signal</subfield><subfield code="w">(DLC)sn 91069988</subfield></datafield><datafield ind1="0" ind2="7" tag="785"><subfield code="t">Middletown news (Middletown, Ohio)</subfield><subfield code="w">(DLC)sn 91069995</subfield></datafield><datafield ind1="0" ind2="7" tag="785"><subfield code="t">Middletown daily news-signal</subfield><subfield code="w">(DLC)sn 91069991</subfield></datafield></record>